<record><leader>00000cas a22000007a 4500</leader><controlfield tag="001">9377735</controlfield><controlfield tag="008">830405d19081917nyudn ne      0    0hrv d</controlfield><datafield ind1=" " ind2=" " tag="010"><subfield code="a">sn 83045249 </subfield></datafield><datafield ind1=" " ind2=" " tag="040"><subfield code="a">CRL</subfield><subfield code="b">eng</subfield><subfield code="c">CRL</subfield><subfield code="d">NPW</subfield><subfield code="d">NPU</subfield><subfield code="d">NPV</subfield><subfield code="d">YOX</subfield><subfield code="d">NYS</subfield><subfield code="d">CRL</subfield><subfield code="d">OCL</subfield><subfield code="d">OCLCQ</subfield><subfield code="d">OCLCF</subfield><subfield code="d">OCLCO</subfield></datafield><datafield ind1="1" ind2=" " tag="029"><subfield code="a">AU@</subfield><subfield code="b">000025810853</subfield></datafield><datafield ind1=" " ind2=" " tag="042"><subfield code="a">msc</subfield></datafield><datafield ind1=" " ind2=" " tag="043"><subfield code="a">n-us-ny</subfield></datafield><datafield ind1="0" ind2=" " tag="130"><subfield code="a">Hrvatski svijet (New York, N.Y. : 1908)</subfield></datafield><datafield ind1="1" ind2="0" tag="245"><subfield code="a">Hrvatski svijet.</subfield></datafield><datafield ind1="1" ind2="3" tag="246"><subfield code="a">Croatian world</subfield></datafield><datafield ind1=" " ind2=" " tag="260"><subfield code="a">New York, N.Y. :</subfield><subfield code="b">Croatian News Co.,</subfield><subfield code="c">1908-1917.</subfield></datafield><datafield ind1=" " ind2=" " tag="300"><subfield code="a">v.</subfield></datafield><datafield ind1=" " ind2=" " tag="310"><subfield code="a">Daily (except Mondays and legal holidays)</subfield></datafield><datafield ind1=" " ind2=" " tag="321"><subfield code="a">Frequency varies</subfield></datafield><datafield ind1="0" ind2=" " tag="362"><subfield code="a">G. 1, br. 1 (23. srp. 1908)-g. 10, br. 2479 (3. stud. 1917).</subfield></datafield><datafield ind1=" " ind2=" " tag="530"><subfield code="a">Also issued on microfilm from Center for Immigration Studies, University of Minnesota.</subfield></datafield><datafield ind1=" " ind2=" " tag="546"><subfield code="a">In Serbo-Croatian (Roman).</subfield></datafield><datafield ind1=" " ind2=" " tag="550"><subfield code="a">"Neodvisno glasilo hrvatskih radnika u Americi."</subfield></datafield><datafield ind1=" " ind2=" " tag="580"><subfield code="a">Merged with: Hrvatska zastava, and: Slovenski svet, to form: Jugoslovenski svijet.</subfield></datafield><datafield ind1=" " ind2="0" tag="650"><subfield code="a">Croatian Americans</subfield><subfield code="z">New York (State)</subfield><subfield code="z">New York</subfield><subfield code="v">Newspapers.</subfield></datafield><datafield ind1=" " ind2="4" tag="651"><subfield code="a">New York (N.Y.)</subfield><subfield code="v">Newspapers.</subfield></datafield><datafield ind1=" " ind2="7" tag="655"><subfield code="a">Newspapers.</subfield><subfield code="2">fast</subfield><subfield code="0">(OCoLC)fst01423814</subfield></datafield><datafield ind1=" " ind2="7" tag="650"><subfield code="a">Croatian Americans.</subfield><subfield code="2">fast</subfield><subfield code="0">(OCoLC)fst00883782</subfield></datafield><datafield ind1=" " ind2="7" tag="651"><subfield code="a">New York (State)</subfield><subfield code="z">New York.</subfield><subfield code="2">fast</subfield><subfield code="0">(OCoLC)fst01204333</subfield></datafield><datafield ind1=" " ind2=" " tag="752"><subfield code="a">United States</subfield><subfield code="b">New York</subfield><subfield code="c">New York</subfield><subfield code="d">New York.</subfield></datafield><datafield ind1="1" ind2="7" tag="785"><subfield code="t">Hrvatska zastava</subfield><subfield code="w">(DLC)sn 83045279</subfield><subfield code="w">(OCoLC)9398155</subfield></datafield><datafield ind1="1" ind2="7" tag="785"><subfield code="t">Slovenski svet</subfield></datafield><datafield ind1="1" ind2="7" tag="785"><subfield code="t">Jugoslovenski svijet</subfield><subfield code="w">(DLC)sn 83045206</subfield><subfield code="w">(OCoLC)9353702</subfield></datafield></record>